<record xmlns="http://www.loc.gov/MARC21/slim">
   <leader>01879cam a2200397 i 4500</leader>
   <controlfield tag="001">6701752</controlfield>
   <controlfield tag="005">20140825183136.0</controlfield>
   <controlfield tag="008">140219s2015    maua     b    001 0 eng  </controlfield>
   <datafield ind1=" " ind2=" " tag="010">
      <subfield code="a">  2014006796</subfield>
   </datafield>
   <datafield ind1=" " ind2=" " tag="020">
      <subfield code="a">9780133565232</subfield>
   </datafield>
   <datafield ind1=" " ind2=" " tag="020">
      <subfield code="a">0133565238</subfield>
   </datafield>
   <datafield ind1=" " ind2=" " tag="035">
      <subfield code="a">ocn871189351</subfield>
   </datafield>
   <datafield ind1=" " ind2=" " tag="040">
      <subfield code="a">DNLM/DLC</subfield>
      <subfield code="c">DLC</subfield>
      <subfield code="e">rda</subfield>
      <subfield code="d">DLC</subfield>
      <subfield code="d">AEGNH</subfield>
   </datafield>
   <datafield ind1=" " ind2=" " tag="042">
      <subfield code="a">pcc</subfield>
   </datafield>
   <datafield ind1="0" ind2="0" tag="050">
      <subfield code="a">RT71</subfield>
      <subfield code="b">.D553 2015</subfield>
   </datafield>
   <datafield ind1="1" ind2="0" tag="060">
      <subfield code="a">WY 105</subfield>
   </datafield>
   <datafield ind1="0" ind2="0" tag="082">
      <subfield code="a">610.73071/1</subfield>
      <subfield code="2">23</subfield>
   </datafield>
   <datafield ind1=" " ind2=" " tag="090">
      <subfield code="a">WY 105 D529 2015</subfield>
      <subfield code="b">AEGNH</subfield>
   </datafield>
   <datafield ind1=" " ind2=" " tag="090">
      <subfield code="a">RT71 .D553 2015</subfield>
      <subfield code="b">AEGMCT</subfield>
   </datafield>
   <datafield ind1="1" ind2=" " tag="100">
      <subfield code="a">DeYoung, Sandra,</subfield>
      <subfield code="e">author.</subfield>
   </datafield>
   <datafield ind1="1" ind2="0" tag="245">
      <subfield code="a">Teaching strategies for nurse educators /</subfield>
      <subfield code="c">Sandra DeYoung, Ed.D., M.Ed., R.N., Emeritus Professor of Nursing, William Paterson University, Wayne, NJ.</subfield>
   </datafield>
   <datafield ind1=" " ind2=" " tag="250">
      <subfield code="a">Third edition.</subfield>
   </datafield>
   <datafield ind1=" " ind2="1" tag="264">
      <subfield code="a">Boston :</subfield>
      <subfield code="b">Pearson,</subfield>
      <subfield code="c">[2015]</subfield>
   </datafield>
   <datafield ind1=" " ind2=" " tag="300">
      <subfield code="a">xvii, 265 pages :</subfield>
      <subfield code="b">illustrations ;</subfield>
      <subfield code="c">24 cm</subfield>
   </datafield>
   <datafield ind1=" " ind2=" " tag="336">
      <subfield code="a">text</subfield>
      <subfield code="2">rdacontent</subfield>
   </datafield>
   <datafield ind1=" " ind2=" " tag="337">
      <subfield code="a">unmediated</subfield>
      <subfield code="2">rdamedia</subfield>
   </datafield>
   <datafield ind1=" " ind2=" " tag="338">
      <subfield code="a">volume</subfield>
      <subfield code="2">rdacarrier</subfield>
   </datafield>
   <datafield ind1=" " ind2=" " tag="504">
      <subfield code="a">Includes bibliographical references and index.</subfield>
   </datafield>
   <datafield ind1="0" ind2=" " tag="505">
      <subfield code="a">Good teaching -- Learning theory -- Teaching to diversity -- Planning and conducting classes -- Traditional teaching strategies -- Activity-based teaching strategies -- Computer-mediated teaching and learning -- Distance education -- Teaching psychomotor skills -- Promoting and assessing critical thinking -- Clinical teaching -- Assessing and evaluating learning -- Becoming a faculty member.</subfield>
   </datafield>
   <datafield ind1=" " ind2=" " tag="596">
      <subfield code="a">17 29</subfield>
   </datafield>
   <datafield ind1="1" ind2="2" tag="650">
      <subfield code="a">Teaching</subfield>
      <subfield code="v">methods</subfield>
      <subfield code="v">Nurses' Instruction.</subfield>
   </datafield>
   <datafield ind1=" " ind2=" " tag="999">
      <subfield code="h">GMCT-OS-B</subfield>
   </datafield>
   <datafield ind1=" " ind2=" " tag="947">
      <subfield code="b">PNU</subfield>
      <subfield code="f">QGM</subfield>
      <subfield code="h">GMCT-OS-B</subfield>
      <subfield code="p">85.18</subfield>
      <subfield code="q">1</subfield>
      <subfield code="z">9780133565232</subfield>
   </datafield>
   <datafield ind1=" " ind2=" " tag="985">
      <subfield code="a">NLMCIP</subfield>
      <subfield code="d">2014-02-24</subfield>
   </datafield>
   <datafield ind1=" " ind2=" " tag="926">
      <subfield code="a">WY 105 D529 2015</subfield>
      <subfield code="w">NLM</subfield>
      <subfield code="c">1</subfield>
      <subfield code="i">0163730131030</subfield>
      <subfield code="d">3/24/2017</subfield>
      <subfield code="e">3/24/2017</subfield>
      <subfield code="f">8/31/2015</subfield>
      <subfield code="g">2</subfield>
      <subfield code="k">CHECKEDOUT</subfield>
      <subfield code="l">ON_SHELF</subfield>
      <subfield code="m">COVENANTGN</subfield>
      <subfield code="n">4</subfield>
      <subfield code="r">M</subfield>
      <subfield code="s">Y</subfield>
      <subfield code="t">BOOK</subfield>
      <subfield code="u">10/2/2014</subfield>
   </datafield>
   <datafield ind1=" " ind2=" " tag="926">
      <subfield code="a">RT71 .D553 2015</subfield>
      <subfield code="w">LC</subfield>
      <subfield code="c">1</subfield>
      <subfield code="i">1007691882</subfield>
      <subfield code="d">1/5/2017</subfield>
      <subfield code="e">12/16/2016</subfield>
      <subfield code="l">ON_SHELF</subfield>
      <subfield code="m">GR_MACEWAN</subfield>
      <subfield code="n">2</subfield>
      <subfield code="p">$113.88</subfield>
      <subfield code="r">Y</subfield>
      <subfield code="s">Y</subfield>
      <subfield code="t">BOOK</subfield>
      <subfield code="u">5/12/2016</subfield>
   </datafield>
</record>
